@inproceedings{gao2014learning,
  title={Learning Continuous Phrase Representations for Translation Modeling},
  author={Gao, Jianfeng and He, Xiaodong and Yih, Wen-tau and Deng, Li},
  booktitle={Proc. ACL},
  year={2014}
}

@misc{ wiki:1,
   author = "Wikipedia",
   title = "Pair programming --- Wikipedia{,} The Free Encyclopedia",
   howpublished = "\url{http://en.wikipedia.org/w/index.php?title=Pair_programming&oldid=642184088}",
   year = "2015",
   note = "[Online; accessed 28-January-2015]"
 }

 @misc{ wiki:2,
   author = "Wikipedia",
   title = "Stochastic gradient descent --- Wikipedia{,} The Free Encyclopedia",
   howpublished = "\url{http://en.wikipedia.org/w/index.php?title=Stochastic_gradient_descent&oldid=642575072}",
   year = "2015",
   note = "[Online; accessed 28-January-2015]"
 }

@misc{ numpy,
   author = "NumPy",
   title = "NumPy - Numpy",
   howpublished = "\url{http://www.numpy.org/}",
   year = "2015",
   note = "[Online; accessed 28-January-2015]"
 }

@misc{ gensim,
   author = "Radim Řehůřek",
   title = "gensim: Topic modelling for humans",
   howpublished = "\url{https://radimrehurek.com/gensim/index.html}",
   year = "2015",
   note = "[Online; accessed 28-January-2015]"
 }

@misc{ wiki:3,
   author = "Wikipedia",
   title = "Latent Dirichlet allocation --- Wikipedia{,} The Free Encyclopedia",
   howpublished = "\url{http://en.wikipedia.org/w/index.php?title=Latent_Dirichlet_allocation&oldid=644441310}",
   year = "2015",
   note = "[Online; accessed 28-January-2015]"
 }